<collection xmlns="http://www.loc.gov/MARC21/slim">
<record>
  <leader>01301nam0a22002771i 450 </leader>
  <controlfield tag="001">IT\ICCU\CNCE\031608</controlfield>
  <controlfield tag="005">20090817000000.0</controlfield>
  <datafield tag="012" ind1=" " ind2=" ">
    <subfield code="a">noni i.lo e,et palu (C) 1544 (R)</subfield>
    <subfield code="2">fei</subfield>
  </datafield>
  <datafield tag="100" ind1=" " ind2=" ">
    <subfield code="a">19971204d1544        0itac0103    ba</subfield>
  </datafield>
  <datafield tag="101" ind1=" " ind2=" ">
    <subfield code="a">ITA</subfield>
  </datafield>
  <datafield tag="102" ind1=" " ind2=" ">
    <subfield code="a">IT</subfield>
  </datafield>
  <datafield tag="200" ind1="1" ind2=" ">
    <subfield code="a">Opera chiamta \!! pratica et esperienza del guerreggiare moderno in libri quattro distinta ... Per il milite veterano Francesco Mirandula da Modona nouamente composta</subfield>
  </datafield>
  <datafield tag="210" ind1=" " ind2=" ">
    <subfield code="e">In Modona</subfield>
    <subfield code="g">per Giouanni de Nicoli</subfield>
    <subfield code="h">alli XV de maggio 1544</subfield>
  </datafield>
  <datafield tag="215" ind1=" " ind2=" ">
    <subfield code="a">\76! c.</subfield>
    <subfield code="d">8ʻ</subfield>
  </datafield>
  <datafield tag="620" ind1=" " ind2=" ">
    <subfield code="a">IT</subfield>
    <subfield code="d">Modena</subfield>
  </datafield>
  <datafield tag="700" ind1=" " ind2="1">
    <subfield code="a">Mirandola,</subfield>
    <subfield code="b">Francesco</subfield>
    <subfield code="3">IT\ICCU\CNCA\009317</subfield>
  </datafield>
  <datafield tag="712" ind1="0" ind2="0">
    <subfield code="a">Nicoli, Giovanni</subfield>
    <subfield code="3">IT\ICCU\CNCT\001651</subfield>
    <subfield code="4">650</subfield>
  </datafield>
  <datafield tag="790" ind1=" " ind2="1">
    <subfield code="a">Mirandola,</subfield>
    <subfield code="b">Francesco : dalla</subfield>
    <subfield code="3">IT\ICCU\CNCA\021374</subfield>
    <subfield code="z">Mirandola, Francesco</subfield>
  </datafield>
  <datafield tag="790" ind1=" " ind2="1">
    <subfield code="a">Mirandola,</subfield>
    <subfield code="b">Francesco : della</subfield>
    <subfield code="3">IT\ICCU\CNCA\021375</subfield>
    <subfield code="z">Mirandola, Francesco</subfield>
  </datafield>
  <datafield tag="791" ind1="0" ind2="0">
    <subfield code="a">Niccoli, Giovanni</subfield>
    <subfield code="3">IT\ICCU\CNCT\002425</subfield>
    <subfield code="z">Nicoli, Giovanni</subfield>
  </datafield>
  <datafield tag="791" ind1="0" ind2="0">
    <subfield code="a">De_Nicola, Giovanni</subfield>
    <subfield code="3">IT\ICCU\CNCT\002426</subfield>
    <subfield code="z">Nicoli, Giovanni</subfield>
  </datafield>
  <datafield tag="791" ind1="0" ind2="0">
    <subfield code="a">Nicolis, Ioannes de</subfield>
    <subfield code="3">IT\ICCU\CNCT\002714</subfield>
    <subfield code="z">Nicoli, Giovanni</subfield>
  </datafield>
  <datafield tag="791" ind1="0" ind2="0">
    <subfield code="a">Nicolus, Ioannes</subfield>
    <subfield code="3">IT\ICCU\CNCT\005113</subfield>
    <subfield code="z">Nicoli, Giovanni</subfield>
  </datafield>
  <datafield tag="801" ind1=" " ind2="3">
    <subfield code="a">IT</subfield>
    <subfield code="b">ICCU</subfield>
    <subfield code="c">20201114</subfield>
  </datafield>
  <datafield tag="899" ind1=" " ind2=" ">
    <subfield code="a">Biblioteca Estense Universitaria. Modena</subfield>
    <subfield code="1">MO0089</subfield>
    <subfield code="2">MOD BE</subfield>
  </datafield>
  <datafield tag="899" ind1=" " ind2=" ">
    <subfield code="a">Biblioteca Reale. Torino</subfield>
    <subfield code="1">TO0263</subfield>
    <subfield code="2">TO0 07</subfield>
  </datafield>
</record>
</collection>
